@misc{codeproject, title={Using Inline Assembly in C/C }, url={http://www.codeproject.com/articles/15971/using-inline-assembly-in-c-c}, journal={CodeProject}, author={jain.pk}, year={2006}, month={Oct}
}
@misc{herity2015, title={Modern C in embedded systems â€“ Part 1: Myth and Reality}, url={http://www.embedded.com/design/programming-languages-and-tools/4438660/modern-c--in-embedded-systems---part-1--myth-and-reality}, journal={Embedded}, author={Herity, Dominic}, year={2015}, month={Feb}
}
@misc{2015, title={C vs C++}, url={http://www.mikrocontroller.net/articles/C_vs_C\%2B\%2B}, journal={Embedded}, journal={Mikrocontroller}
}
@misc{lidar2016, title={How Does LIDAR Work? The Science behind the technology}, url={http://www.lidar-uk.com/how-lidar-works/}, journal={Lidar-UK}, year={2016}
}
@misc{gmbh2016, title={Ultrasonic sensors}, url={http://www.balluff.com/balluff/mde/en/products/overview-ultrasonic-sensors.jsp}, journal={Balluff GmbH}, author={GmbH, Balluff}, year={2016}
}
@misc{howstuffworks2000, title={What is the difference between CCD and CMOS image sensors in a digital camera?}, url={http://electronics.howstuffworks.com/cameras-photography/digital/question362.htm}, journal={HowStuffWorks}, year={2000}, month={Apr}
}
@misc{robotics2013, title={Types of sensors for target detection and tracking}, url={https://www.intorobotics.com/types-sensors-target-detection-tracking/}, journal={Into Robotics}, year={2013}, month={Nov}
}
@misc{gps.gov2016, title={GPS Accuracy}, url={http://www.gps.gov/systems/gps/performance/accuracy/}, journal={GPS.gov:}, year={2016}, month={Oct}
}
@misc{ capacitive, title={Capacitive Sensor Introduction}, url={http://www.cs.cmu.edu/~ram/capsense/intro.html}, publisher={Carnegie Mellon University}, author={Rob MacLachlan}
}
@misc{inductive, title={Inductive Proximity Sensors}, url={http://www.balluff.com/balluff/mus/en/products/inductive-sensors.jsp}, journal={Inductive Proximity Sensors}
}
@misc{PI, title={Raspberry PI}, url={https://www.raspberrypi.org/}}
}
@misc{Arduino, title={Arduino}, url={https://www.arduino.cc/}
}