@misc{codeproject, title={Using Inline Assembly in C/C }, url={http://www.codeproject.com/articles/15971/using-inline-assembly-in-c-c}, journal={CodeProject}, author={jain.pk}, year={2006}, month={Oct}
}
@misc{gov2016, title={GPS Accuracy}, url={http://www.gps.gov/systems/gps/performance/accuracy/}, journal={GPS.gov:}, year={2016}, month={Oct}
}
@misc{massa1999, title={Choosing an Ultrasonic Sensor for Proximity or Distance Measurement Part 2: Optimizing Sensor Selection}, url={http://www.sensorsmag.com/sensors/acoustic-ultrasound/choosing-ultrasonic-sensor-proximity-or-distance-measurement-838}, journal={Choosing an Ultrasonic Sensor for Proximity or Distance Measurement Part 2: Optimizing Sensor Selection | Sensors}, author={Massa, Donald P}, year={1999}, month={Mar}
}
@misc{agam2006, title={Introduction to programming with OpenCV}, url={http://cs.iit.edu/~agam/cs512/lect-notes/opencv-intro/opencv-intro.html}, journal={Introduction to programming with OpenCV}, publisher={Illinois Institute of Technology}, author={Agam, Gady}, year={2006}, month={Jan}
}
@misc{ikalogic, title={CMOS camera as a sensor}, url={https://www.ikalogic.com/image-processing-as-a-sensor/}, journal={IKALOGIC}
}