@misc{opencv1, title={Morphological Transformations}, url={http://docs.opencv.org/trunk/d9/d61/tutorial_py_morphological_ops.html}, journal={Open Source Computer Vision}, publisher={OpenCV}
}
@misc{opencv2, title={Feature Detection}, url={http://docs.opencv.org/2.4/modules/imgproc/doc/feature_detection.html?highlight=canny}, journal={OpenCV API Reference}, publisher={OpenCV}
}
